%%Fix list after defense
% See BibTex Example: https://verbosus.com/bibtex-style-examples.html
%

@article{abuhassna2020,
  title={Development of a new model on utilizing online learning platforms to improve studentsâ€™ academic achievements and satisfaction},
  author={Abuhassna, Hassan and Al-Rahmi, Waleed Mugahed and Yahya, Noraffandy and Zakaria, Megat Aman Zahiri Megat and Kosnin, Azlina Bt Mohd and Darwish, Mohamad},
  journal={International Journal of Educational Technology in Higher Education},
  volume={17},
  pages={1--23},
  year={2020},
  publisher={Springer}
}

@article{Spi2020,
  author  = {Spider Man and Iron Man},
  title   = {The title of the article},
  journal = {The name of the journal},
  year    = 2020,
  number  = 2,
  pages   = {821-899},
  month   = 7,
  volume  = 4
}

